%% This BibTeX bibliography file was created using BibDesk.
%% http://bibdesk.sourceforge.net/

%% Created for TienHungTseng at 2018-04-05 22:13:38 +0800 


%% Saved with string encoding Unicode (UTF-8) 


@article{gomez2016early,
  	title={Early selection of critical paths for reliable nbti aging-delay monitoring},
  	author={Gomez, Andres F and Champac, Victor},
  	journal={IEEE Transactions on Very Large Scale Integration (VLSI) Systems},
  	volume={24},
  	number={7},
  	pages={2438--2448},
  	year={2016}
}


@misc{itrs2015,
	Title = {International Technology Roadmap for Semiconductor},
	Year = {2015}}


@inproceedings{mcpherson2006reliability,
  	title={Reliability challenges for 45nm and beyond},
  	author={McPherson, Joseph W},
  	booktitle={Proceedings of the Design Automation Conference},
  	pages={176--181},
  	year={2006}
}

@article{schroder2003negative,
  	title={Negative bias temperature instability: Road to cross in deep submicron silicon semiconductor manufacturing},
  	author={Schroder, Dieter K and Babcock, Jeff A},
  	journal={Journal of Applied Physics},
  	volume={94},
  	number={1},
  	pages={1--18},
        year={2003}
}

@article{stathis2006negative,
  	title={The negative bias temperature instability in MOS devices: A review},
  	author={Stathis, James H and Zafar, Sufi},
 	 journal={Microelectronics Reliability},
  	volume={46},
  	number={2-4},
  	pages={270--286},
  	year={2006}
}

@inproceedings{chakravarthi2004comprehensive,
  	title={A comprehensive framework for predictive modeling of negative bias temperature instability},
  	author={Chakravarthi, Srini and Krishnan, Anand and Reddy, Vijay and Machala, CF and Krishnan, Srikanth},
  	booktitle={Proceedings of the International Reliability Physics Symposium},
  	pages={273--282},
  	year={2004}
}

@inproceedings{kimizuka1999impact,
  	title={The impact of bias temperature instability for direct-tunneling ultra-thin gate oxide on MOSFET scaling},
  	author={Kimizuka, Naohiko and Yamamoto, Toyoji and Mogami, Tohru and Yamaguchi, Ken and Imai, Kazuhiro and Horiuchi, T},
  	booktitle={Proceedings of the Symposium on VLSI Technology. Digest of Technical Papers.},
  	pages={73--74},
  	year={1999}
}

@inproceedings{kumar2006analytical,
  	title={An analytical model for negative bias temperature instability},
  	author={Kumar, Sanjay V and Kim, Chris H and Sapatnekar, Sachin S},
  	booktitle={Proceedings of the International Conference on Computer-Aided Design},
  	pages={493--496},
  	year={2006}
}

@article{wang2010impact,
  	title={The impact of NBTI effect on combinational circuit: modeling, simulation, and analysis},
  	author={Wang, Wenping and Yang, Shengqi and Bhardwaj, Sarvesh and Vrudhula, Sarma and Liu, Frank and Cao, Yu},
  	journal={IEEE Transactions on Very Large Scale Integration (VLSI) Systems},
  	volume={18},
  	number={2},
  	pages={173--183},
  	year={2010}
}

@inproceedings{chen2013novel,
  	title={A novel flow for reducing clock skew considering nbti effect and process variations},
  	author={Chen, Jifeng and Tehranipoor, Mohammad},
 	 booktitle={Proceedings of the International Symposium on Quality Electronic Design},
  	pages={327--334},
  	year={2013}
}

@article{huang2013low,
  	title={Low-power anti-aging zero skew clock gating},
  	author={Huang, Shih-Hsu and Tu, Wen-Pin and Chang, Chia-Ming and Pan, Song-Bin},
  	journal={ACM Transactions on Design Automation of Electronic Systems},
  	volume={18},
  	number={2},
  	pages={27},
  	year={2013}
}


@article{chakraborty2013skew,
  	title={Skew management of NBTI impacted gated clock trees},
  	author={Chakraborty, Ashutosh and Pan, David Z},
 	journal={IEEE Transactions on Computer-Aided Design of Integrated Circuits and Systems},
  	volume={32},
  	number={6},
  	pages={918--927},
  	year={2013}
}

@article{lai2014bti,
  	title={BTI-Gater: An aging-resilient clock gating methodology},
  	author={Lai, Liangzhen and Chandra, Vikas and Aitken, Robert and Gupta, Puneet},
  	journal={IEEE Journal on Emerging and Selected Topics in Circuits and Systems},
  	volume={4},
  	number={2},
  	pages={180--189},
  	year={2014}
}

@inproceedings{kumar2007nbti,
  	title={NBTI-aware synthesis of digital circuits},
  	author={Kumar, Sanjay V and Kim, Chris H and Sapatnekar, Sachin S},
  	booktitle={Proceedings of the Design Automation Conference},
  	pages={370--375},
  	year={2007}
}

@inproceedings{paul2006temporal,
  	title={Temporal performance degradation under NBTI: Estimation and design for improved reliability of nanoscale circuits},
  	author={Paul, Bipul C and Kang, Kunhyuk and Kufluoglu, Haldun and Alam, Muhammad Ashraful and Roy, Kaushik},
  	booktitle={Proceedings of the Design, Automation and Test in Europe Conference},
  	pages={780--785},
  	year={2006}
}

	
@inproceedings{kang2006efficient,
  	title={Efficient Transistor-Level Sizing Technique under Temporal Performance Degradation due to NBTI},
 	author={Kang, Kunhyuk and Kufluoglu, Haldun and Alam, Muhammad Ashraful and Roy, Kaushik},
  	booktitle={Proceedings of the ICCD},
  	pages={216--221},
  	year={2006}
}

@inproceedings{yang2007combating,
 	title={Combating NBTI degradation via gate sizing},
 	author={Yang, Xiangning and Saluja, Kewal},
  	booktitle={Proceedings of the International Symposium on Quality Electronic Design},
  	pages={47--52},
  	year={2007}
}


@inproceedings{wang2007temperature,
	Author = {Wang, Yu and Luo, Hong and He, Ku and Luo, Rong and Yang, Huazhong and Xie, Yuan},
	Booktitle = {Proceedings of the Conference on Design, Automation and Test in Europe},
	Month = apr,
	Pages = {546--551},
	Title = {Temperature-aware {NBTI} modeling and the impact of input vector control on performance degradation},
	Year = {2007}}

@inproceedings{bild2009minimization,
	Author = {Bild, David R and Bok, Gregory E and Dick, Robert P},
	Booktitle = {Proceedings of the Design, Automation and Test in Europe Conference},
	Month = apr,
	Pages = {148--153},
	Title = {Minimization of {NBTI} performance degradation using internal node control},
	Year = {2009}}
	
@article{fishburn1990clock,
  	title={Clock skew optimization},
  	author={Fishburn, John P.},
  	journal={IEEE Transactions on Computers},
  	volume={39},
  	number={7},
  	pages={945--951},
  	year={1990}
}

@inproceedings{li2011optimal,
  	title={Optimal multi-domain clock skew scheduling},
  	author={Li, Li and Lu, Yinghai and Zhou, Hai},
  	booktitle={Proceedings of the Design Automation Conference},
  	pages={152--157},
  	year={2011}
}

@inproceedings{wang2007efficient,
  	title={An efficient method to identify critical gates under circuit aging},
  	author={Wang, Wenping and Wei, Zile and Yang, Shengqi and Cao, Yu},
  	booktitle={Proceedings of the International Conference on Computer-Aided Design},
  	pages={735--740},
  	year={2007}
}

